@unpublished{anl,
  school = {{Technische Hochschule Aschaffenburg}},
  title = {{Skript: Praktikum Physik Anleitungen}},
  year = {2020},
}
  
@book{hering,
  author = {Ekbert Hering, Rolf Martin, Martin Stohrer},
  publisher = {{Springer-Verlag}},
  title = {{Physik für Ingenieure 13. Auflage}},
  year = {2019}
}
  
@book{tipler,
  author = {Paul A. Tipler, Gene Mosca},
  publisher = {{Springer-Verlag}},
  title = {{Physik für Studierende der Naturwissenschaften und Technik 7. Auflage}},
  year = {2015}
}

@unpublished{phys,
  school = {{Technische Hochschule Aschaffenburg}},
  author = {{Herr Prof. Kaloudis}},
  title = {{Vorlesungsfolien: 1. Semester Physik}},
  year = {2021},
}

